@misc{Medhat,
title = {Sentiment analysis algorithms and applications: A survey},
journal = {Ain Shams Engineering Journal},
volume = {5},
number = {4},
pages = {1093-1113},
year = {2014},
issn = {2090-4479},
doi = {https://doi.org/10.1016/j.asej.2014.04.011},
url = {https://www.sciencedirect.com/science/article/pii/S2090447914000550},
author = {Walaa Medhat and Ahmed Hassan and Hoda Korashy},
}

@misc{survey,
title = {Survey on mining subjective data on the web},
journal = {Data Mining and Knowledge Discovery},
volume = {24},
year = {2012},
doi = {https://doi.org/10.1007/s10618-011-0238-6},
url = {https://link.springer.com/article/10.1007/s10618-011-0238-6},
author = {Mikalai Tsytsarau and Themis Palpanas},
}




@article{Feldman,
author = {Feldman, Ronen},
title = {Techniques and Applications for Sentiment Analysis},
year = {2013},
issue_date = {April 2013},
publisher = {Association for Computing Machinery},
address = {New York, NY, USA},
volume = {56},
number = {4},
issn = {0001-0782},
url = {https://doi.org/10.1145/2436256.2436274},
doi = {10.1145/2436256.2436274},
abstract = {The main applications and challenges of one of the hottest research areas in computer science.},
journal = {Commun. ACM},
month = {apr},
pages = {82â€“89},
numpages = {8}
}

@inproceedings{Feldman28,
  author={Zou, Huang and Tang, Xinhua and Xie, Bin and Liu, Bing},
  booktitle={2015 International Conference on Computational Science and Computational Intelligence (CSCI)}, 
  title={Sentiment Classification Using Machine Learning Techniques with Syntax Features}, 
  year={2015},
  volume={},
  number={},
  pages={175-179},
  doi={10.1109/CSCI.2015.44}}

  @inproceedings{Feldman24,
  title={Sentiment analysis of conditional sentences},
  author={Narayanan, Ramanathan and Liu, Bing and Choudhary, Alok},
  booktitle={Proceedings of the 2009 conference on empirical methods in natural language processing},
  pages={180--189},
  year={2009}
}